@article{clark2003boosted,
  title={Boosted leave-many-out cross-validation: the effect of training and test set diversity on {PLS} statistics},
  author={Clark, Robert D},
  journal={Journal of computer-aided molecular design},
  volume={17},
  number={2-4},
  pages={265--275},
  year={2003},
  publisher={Springer}
}

@article{rossel2010using,
  title={Using data mining to model and interpret soil diffuse reflectance spectra},
  author={Rossel, RA Viscarra and Behrens, Thorsten},
  journal={Geoderma},
  volume={158},
  number={1},
  pages={46--54},
  year={2010},
  publisher={Elsevier}
}

@article{kennard1969computer,
  title={Computer aided design of experiments},
  author={Kennard, Ronald W and Stone, Larry A},
  journal={Technometrics},
  volume={11},
  number={1},
  pages={137--148},
  year={1969},
  publisher={Taylor \& Francis}
}

@article{clark1997optisim,
  title={{OptiSim}: an extended dissimilarity selection method for finding diverse representative subsets},
  author={Clark, Robert D},
  journal={Journal of Chemical Information and Computer Sciences},
  volume={37},
  number={6},
  pages={1181--1188},
  year={1997},
  publisher={ACS Publications}
}

@mastersthesis{groenestijn2009,
  author       = {Annemarie van Groenestijn}, 
  title        = {Quantitative analysis of {VNIR} spectroscopy based soil property prediction models},
  school       = {Wageningen University and Research Centre},
  year         = 2009,
  address      = {Droevendaalsesteeg 3, NL 6708 PB, Wageningen, The Netherlands}
}

@inproceedings{kohavi1995study,
  title={A study of cross-validation and bootstrap for accuracy estimation and model selection},
  author={Kohavi, Ron and others},
  booktitle={Ijcai},
  volume={14},
  number={2},
  pages={1137--1145},
  year={1995}
}

@article{roy2008exploring,
  title={Exploring the impact of size of training sets for the development of predictive {QSAR} models},
  author={Roy, Partha Pratim and Leonard, J Thomas and Roy, Kunal},
  journal={Chemometrics and Intelligent Laboratory Systems},
  volume={90},
  number={1},
  pages={31--42},
  year={2008},
  publisher={Elsevier}
}

@article{molinaro2005prediction,
  title={Prediction error estimation: a comparison of resampling methods},
  author={Molinaro, Annette M and Simon, Richard and Pfeiffer, Ruth M},
  journal={Bioinformatics},
  volume={21},
  number={15},
  pages={3301--3307},
  year={2005},
  publisher={Oxford Univ Press}
}

@article{golbraikh2000predictive,
  title={Predictive QSAR modeling based on diversity sampling of experimental datasets for the training and test set selection},
  author={Golbraikh, Alexander and Tropsha, Alexander},
  journal={Molecular diversity},
  volume={5},
  number={4},
  pages={231--243},
  year={2000},
  publisher={Springer}
}
